@book{SVL,
    author    = " Markus Gerke ",
    title     = " Use of the Stair Vision Library within the ISPRS 2D Semantic Labeling Benchmark (Vaihingen) ",
    year = "2015 ",
    publisher = " University of Twente ",
    address = " m.gerke@utwente.nl "
}

@book{resandvgg,
    author  = {{Daniel Gardner and David Nichols }},
    title   = " Multi-label Classification of Satellite Images with Deep Learning",
    year="",
    publisher = " Stanford University "
    
}

@book{mainpaper,
    author = {{C. Yang , F. Rottensteiner, C. Heipke}},
    title = "{Classification Of Land Cover And Land Use Based On Convolutional Neural Networks}",
    series = "ISPRS Annals of the Photogrammetry, Remote Sensing and Spatial Information Sciences",
    volume = "IV-3",
    year = "2018",
    publisher = {Leibniz Universit√§t Hannover - Germany},
    keywords = { Land use classification, CNN, geospatial land use database, aerial imagery, semantic segmentation}
}

@misc{landuse,
    author = "",
    title = "Wikipedia",
    howpublished = {\url{https://en.m.wikipedia.org/wiki/Land_use }},
}

@misc{landcover,
    author = "",
    title = "Wikipedia",
    howpublished = {\url{https://en.wikipedia.org/wiki/Land_cover}},
}

@book{litenet,
	author = {Chakkrit Termritthikun, Surachet Kanprachar, Paisarn Muneesawang},
	title = {NU-LiteNet: Mobile Landmark Recognition using
	Convolutional Neural Networks},
	year = {2018},
	publisher = {ECTI Transactions on Computer and Information Technology (ECTI-CIT)},
	doi = {10.37936/ecti-cit.2019131.165074},
}
